<record><leader>00000cas a2200000 a 4500</leader><controlfield tag="001">27985943</controlfield><controlfield tag="008">930426d18741879iluwr ne      0   a0eng c</controlfield><datafield ind1=" " ind2=" " tag="010"><subfield code="a">sn 93055783 </subfield></datafield><datafield ind1=" " ind2=" " tag="040"><subfield code="a">NVF</subfield><subfield code="b">eng</subfield><subfield code="c">NVF</subfield><subfield code="d">OCLCQ</subfield><subfield code="d">NVF</subfield><subfield code="d">OCLCF</subfield><subfield code="d">NVF</subfield><subfield code="d">OCLCO</subfield></datafield><datafield ind1="1" ind2=" " tag="029"><subfield code="a">AU@</subfield><subfield code="b">000040517864</subfield></datafield><datafield ind1=" " ind2=" " tag="042"><subfield code="a">pcc</subfield></datafield><datafield ind1=" " ind2=" " tag="043"><subfield code="a">n-us-il</subfield></datafield><datafield ind1="0" ind2="0" tag="245"><subfield code="a">Metropolis times.</subfield></datafield><datafield ind1=" " ind2=" " tag="260"><subfield code="a">Metropolis, Ill. :</subfield><subfield code="b">J.F. McCartney &amp; Co.</subfield></datafield><datafield ind1=" " ind2=" " tag="300"><subfield code="a">v.</subfield></datafield><datafield ind1=" " ind2=" " tag="310"><subfield code="a">Weekly</subfield></datafield><datafield ind1="1" ind2=" " tag="362"><subfield code="a">Began in June 1874.</subfield></datafield><datafield ind1="0" ind2=" " tag="362"><subfield code="a">-v. 13, no. 39 (Nov. 8, 1879).</subfield></datafield><datafield ind1=" " ind2=" " tag="588"><subfield code="a">Description based on: 8th year, no. 9 (June 27, 1874).</subfield></datafield><datafield ind1=" " ind2="0" tag="651"><subfield code="a">Metropolis (Ill.)</subfield><subfield code="v">Newspapers.</subfield></datafield><datafield ind1=" " ind2="7" tag="651"><subfield code="a">Illinois</subfield><subfield code="z">Metropolis.</subfield><subfield code="2">fast</subfield><subfield code="0">(OCoLC)fst01219163</subfield></datafield><datafield ind1=" " ind2="7" tag="655"><subfield code="a">Newspapers.</subfield><subfield code="2">fast</subfield><subfield code="0">(OCoLC)fst01423814</subfield></datafield><datafield ind1=" " ind2=" " tag="752"><subfield code="a">United States</subfield><subfield code="b">Illinois</subfield><subfield code="c">Massac</subfield><subfield code="d">Metropolis.</subfield></datafield><datafield ind1="0" ind2="0" tag="780"><subfield code="t">Metropolis weekly times</subfield><subfield code="w">(DLC)sn 85033862</subfield><subfield code="w">(OCoLC)12294870</subfield></datafield><datafield ind1="0" ind2="4" tag="785"><subfield code="t">Metropolis Democrat</subfield><subfield code="w">(DLC)sn 93055778</subfield><subfield code="w">(OCoLC)27942567</subfield></datafield></record>